<?xml version="1.0" encoding="UTF-8"?><collection xmlns="http://www.loc.gov/MARC21/slim"><record><leader>00541nam--2200193-i-4500</leader><controlfield tag="001">000046749</controlfield><controlfield tag="002">20161230</controlfield><controlfield tag="005">20161230201046</controlfield><controlfield tag="008">060222s1000------------r-----000-0-eng-d</controlfield><datafield ind1=" " ind2=" " tag="020"><subfield code="a">0716714183</subfield></datafield><datafield ind1=" " ind2=" " tag="040"><subfield code="a">IFIN-HH</subfield></datafield><datafield ind1=" " ind2=" " tag="080"><subfield code="a">52</subfield></datafield><datafield ind1="1" ind2=" " tag="100"><subfield code="a">Wagoner, Robert V</subfield></datafield><datafield ind1="1" ind2="0" tag="245"><subfield code="a">Cosmic horizons. unterstanding the universe</subfield><subfield code="c">Robert v. wagoner, donald w. glodsmith</subfield></datafield><datafield ind1=" " ind2=" " tag="260"><subfield code="a">San Francisco</subfield><subfield code="b">W.H.Freeman And Company</subfield><subfield code="c">1982</subfield></datafield><datafield ind1=" " ind2=" " tag="300"><subfield code="a">VIII+195P</subfield></datafield><datafield ind1="1" ind2=" " tag="700"><subfield code="a">Goldsmith, Donald W</subfield></datafield><datafield ind1=" " ind2=" " tag="852"><subfield code="a">78905</subfield><subfield code="c">523</subfield></datafield><datafield ind1=" " ind2=" " tag="CAT"><subfield code="a">Sys</subfield><subfield code="c">20141209</subfield><subfield code="h">161837</subfield></datafield></record></collection>